@article{units,
	title  = {SI - Unit rules and style conventions},
	author = {NIST},
	volume = {1},
	year   = {2003},
	pages  = {5}
}

@article{SoA,
	title  = {Liquid Lithium solid impurities cyclone separator: SoA and Material assessment},
	author = {IDOM S22641\_SOA001\_v.0},
	volume = {},
	year   = {2023},
	pages  = {}
}

@article{Maroni1975,
	title = {Some Preliminary Considerations of A Molten-Salt Extraction Process to Remove Tritium from Liquid Lithium Fusion Reactor Blankets},
	volume = {25},
	ISSN = {1943-7471},
	url = {http://dx.doi.org/10.13182/NT75-A24351},
	DOI = {10.13182/nt75-a24351},
	number = {1},
	journal = {Nuclear Technology},
	publisher = {Informa UK Limited},
	author = {Maroni,  Victor A. and Wolson,  Raymond D. and Staahl,  Gustav E.},
	year = {1975},
	month = jan,
	pages = {83–91}
}

@inproceedings{Bandhauer2013,
	title={ALTERNATIVE METHODS FOR TRITIUM RECOVERY FROM THE LIFELITHIUM BLANKET: FY13 FINAL REPORT},
	author={Todd M. Bandhauer and J. Adler},
	year={2013},
	url={https://api.semanticscholar.org/CorpusID:43604591}
}

@inproceedings{Tsisar2019,
	title={Morphological and Compositional Features of Corrosion Behavior of SUS410-SUS410, SUS316-SUS316 and SUS410-SUS316 TIG Welded Joints in Li},
	author={V. TSISAR et al.},
	year={2012},
	url={https://doi.org/10.1080/15361055.2018.1533618}
}

@inproceedings{Xia2019,
	title={Study of corrosion behaviors of 316L Stainless steel welds in liquid lithium with hydrogen impurity},
	author={Wenxing Xia et al.},
	year={2019},
	url={https://doi.org/10.1080/15361055.2018.1533618}
}

@article{Keough1985,
	title = {Lithium purification technique},
	author = {Keough, Robert F and Meadows, George E},
	abstractNote = {A method for purifying liquid lithium to remove unwanted quantities of nitrogen or aluminum. The method involves precipitation of aluminum nitride by adding a reagent to the liquid lithium. The reagent will be either nitrogen or aluminum in a quantity adequate to react with the unwanted quantity of the impurity to form insoluble aluminum nitride. The aluminum nitride can be mechanically separated from the molten liquid lithium.},
	doi = {},
	url = {https://www.osti.gov/biblio/865506}, journal = {},
	number = {},
	volume = {},
	place = {United States},
	year = {1985},
	month = {1}
}

@article {Chopra1988, 
	author = {0. K. Chopra and A. B. Hull},
	title = {{I}nfluence of carbon and nitrogen impurities on the corrosion of structural materials in a flowing lithium environment},
	year = {1988}
}

@article {Muroga2008, 
	author = {T. Muroga and T. Nagasaka and M. Kondo and A. Sagara and N. Noda and A. Suzuki and T. Terai},
	title = {{C}ompatibility of {R}educed {A}ctivation {F}erritic/{M}artensitic {S}teels with {L}iquid {B}reeders},
	year = {2008}
}

@article{Heinzel2006,
	title = {Corrosion of steels with surface treatment and Al-alloying by GESA exposed in lead–bismuth},
	volume = {350},
	ISSN = {0022-3115},
	DOI = {10.1016/j.jnucmat.2006.01.014},
	number = {3},
	journal = {Journal of Nuclear Materials},
	publisher = {Elsevier BV},
	author = {Heinzel,  Annette and Kondo,  Masatoshi and Takahashi,  Minoru},
	year = {2006},
	month = may,
	pages = {264–270}
}

@article {Tortorelli1980, 
	author = {P. F, Tortoreili and J. H. DeVan and J. E. Selle},
	title = {{C}orrosion in {L}ithium-{S}tainless {S}teel thermal convection systems},
	year = {1980}
}

@misc{IAEA2020,
	author = {IAEA},
	title = {{C}hallenges {F}or {C}oolants {I}n {F}ast {N}eutron {S}pectrum {S}ystems},
	year = {2020},
	journal = {IAEA-TECDOC-1912},
}

@article{Finn1981,
	title = {Compatibility study of solid ceramic breeder materials},
	volume = {103},
	ISSN = {0022-3115},
	url = {http://dx.doi.org/10.1016/0022-3115(82)90658-4},
	DOI = {10.1016/0022-3115(82)90658-4},
	journal = {Journal of Nuclear Materials},
	publisher = {Elsevier BV},
	author = {Finn,  P.A. and Breon,  S.R. and Chellew,  N.R.},
	year = {1981},
	month = jan,
	pages = {561–566}
}

@article {PULHAM1984, 
	author = {Richard J. Pulham and W. Robert Watson and John S. Collinson},
	title = {{C}hemical compatibility between {L}ithium {O}xide and transition metal},
	journal = {Journal of Nuclear Materials},
	year = {1984}
}

@article{Parida2019,
	title = {Studies on chemical compatibility of steels with liquid lithium},
	volume = {526},
	ISSN = {0022-3115},
	DOI = {10.1016/j.jnucmat.2019.151761},
	journal = {Journal of Nuclear Materials},
	publisher = {Elsevier BV},
	author = {Parida,  Sanjit Kumar and Nagaraj,  S. and Venkatesh,  M. and Sudha,  R. and Sekhar,  Kuntla Reddy and Ramaseshan,  R. and Ganesan,  Rajesh},
	year = {2019},
	month = dec,
	pages = {151761}
}

@article {Ott1970, 
	author = {A. Ott},
	title = {Impurity Diffusion in Lithium 1. The Diffusion of Cd, Hg and Ga 2. Survey of the Diffusion of Metallic Impurities in Lithium},
	journal = {J. Phys. Sci.},
	year = {1970},
	DOI = {10.1515/ZNA-1970-1020}
}

@inproceedings{Van,
	title={Hydrodynamic analysis of bioinspired vortical cross-step filtration by computational modelling},
	author={S. Van Wassenbergh and S. L. Sanderson},
	year={2023},
	url={https://doi.org/10.1098/rsos.230315}
}


@article{Marthinussen2011,
	title = {The Effect of Fluid Viscosity on Hydrocyclone Performance},
	journal = {Department of Physics and Technology University of Bergen},
	volume = {},
	pages = {},
	year = {2011},
	doi = {},
	author = {Svein Arne Marthinussen}
	
}

@article{Concha2007,
	title = {Flow pattern in Hydrocyclones},
	journal = {Department of Metallurgial Engineering, University of Conception},
	volume = {},
	pages = {},
	year = {2007},
	doi = {},
	author = {F. Concha}	
}

@article{Sabbagh2014,
	title = {Theoretical and experimental study of hydrocyclone performance and equivalent setting area},
	journal = {ASME},
	year = {2014},
	author = {Reza Sabbagh and Michael G. Lipsett and Charles R. Koch and  David S. Nobes}	
}

@article{Nemeth2011,
	title = {Flow pattern within hydrocyclone},
	journal = {Hungarian journal of industrial chemistry},
	volume = {},
	pages = {},
	year = {2011},
	doi = {},
	author = {J. Nemeth, S. Verdes}	
}

@article{Wei2016,
	title = {A new Method of Prediction the Hydrocyclone Efficiency with the Light Dispersed Phase},
	journal = {International Conference of Applied Energy},
	year = {2016},
	author = {Wang Wei and Yu Jui Yang and Zheng Xiao tao and LuXia and Lin Wei}	
}

@article{power_scenario, 
	author = {IDOM},
	title = {Reactor Chamber design: power scenario analysis},
	journal = {SIM007 v.1},
	year = {2023}
}

@article{Zhao2011,
	title = {Prediction of gas-particle separation efficiency for cyclones: A time-of-flight model},
	journal = {Separation and Purification Technology},
	volume = {85},
	pages = {171-177},
	year = {2011},
	doi = {},
	author = {Bingtao Zhao}	
}

@article{Altmeyer2003,
	title = {Comparison of different models of cyclone prediction performance for various operating conditions using a general software},
	journal = {Chemical Engineering and Processing},
	volume = {43},
	year = {2003},
	author = {S. Altmeyer and V. Mathieu and S. Jullimier and P. Contal and N. Midoux and S. Rode and  J. P. Leclerc}	
}





